@article{monod1949growth,
  author    = {Monod, Jacques},
  title     = {The Growth of Bacterial Cultures},
  journal   = {Annual Review of Microbiology},
  volume    = {3},
  pages     = {371--394},
  year      = {1949},
  doi       = {10.1146/annurev.mi.03.100149.002103},
  url       = {https://www.annualreviews.org/doi/10.1146/annurev.mi.03.100149.002103}
}

@article{lipson2015complex,
  author    = {David A. Lipson},
  title     = {The Complex Relationship Between Microbial Growth Rate and Yield and Its Implications for Ecosystem Processes},
  journal   = {Frontiers in Microbiology},
  year      = {2015},
  volume    = {6},
  articleid = {615},
  doi       = {10.3389/fmicb.2015.00615},
  url       = {https://www.frontiersin.org/articles/10.3389/fmicb.2015.00615/full}
}

@article{johnson2004model,
  title={Model selection in ecology and evolution},
  author={Johnson, Jerald B and Omland, Kristian S},
  journal={Trends in ecology \& evolution},
  volume={19},
  number={2},
  pages={101--108},
  year={2004},
  publisher={Elsevier}
}

@article{wachenheim2003analysis,
  title={Analysis of the logistic function model: derivation and applications specific to batch cultured microorganisms},
  author={Wachenheim, Daniel E and Patterson, John A and Ladisch, Michael R},
  journal={Bioresource Technology},
  volume={86},
  number={2},
  pages={157--164},
  year={2003},
  publisher={Elsevier}
}

@incollection{richardson2007mechanism,
  title     = {Mechanism and mechanical explanation in systems biology},
  author    = {Richardson, Robert C and Stephan, Achim},
  editor    = {Boogerd, Fred C and Bruggeman, Frank J and Hofmeyr, Jan-Hendrik S and Westerhoff, Hans V},
  booktitle = {Systems Biology},
  publisher = {Elsevier},
  year      = {2007},
  pages     = {123--144},
  doi       = {10.1016/B978-044452085-2/50008-5}
}

@article{zwietering1990modeling,
  title={Modeling of the bacterial growth curve},
  author={Zwietering, Marcel H and Jongenburger, Ida and Rombouts, Frank M and Van't Riet, KJAEM},
  journal={Applied and environmental microbiology},
  volume={56},
  number={6},
  pages={1875--1881},
  year={1990}
}

@article{2017Gompertz,
  title     = {The use of Gompertz models in growth analyses, and new Gompertz-model approach: An addition to the Unified-Richards family},
  author    = {Tjørve, K. M. C. and Tjørve, E.},
  journal   = {PLoS One},
  volume    = {12},
  number    = {6},
  pages     = {e0178691},
  year      = {2017},
  doi       = {10.1371/journal.pone.0178691}
}

@book{quinn2002experimental,
  author    = {Quinn, G. P. and Keough, M. J.},
  title     = {Experimental Design and Data Analysis for Biologists},
  publisher = {Cambridge University Press},
  year      = {2002},
  address   = {Cambridge},
  edition   = {1st}
}

@article{juneja2007growth,
  title     = {Growth and Inactivation of Salmonella in Poultry},
  author    = {Juneja, V.K. and Marks, E.J. and Sofos, J.N.},
  journal   = {Poultry Science},
  volume    = {86},
  number    = {7},
  pages     = {1509--1522},
  year      = {2007},
}

@article{baranyi1993logistic,
  author    = {Baranyi, J. and Roberts, T.A. and McClure, P.J.},
  title     = {A new logistic model for bacterial growth},
  journal   = {Food Microbiology},
  volume    = {10},
  number    = {1},
  pages     = {43--59},
  year      = {1993},
}

@article{peleg2011microbial,
  author    = {Peleg, Micha and Corradini, Maria G.},
  title     = {Microbial growth curves: What the models tell us and what they cannot},
  journal   = {Critical Reviews in Food Science and Nutrition},
  volume    = {51},
  number    = {10},
  pages     = {917--945},
  year      = {2011},
  doi       = {10.1080/10408398.2011.570463}
}

@article{baranyi1994dynamic,
  author    = {Baranyi, J. and Roberts, T. A.},
  title     = {A dynamic approach to predicting bacterial growth in food},
  journal   = {International Journal of Food Microbiology},
  volume    = {23},
  number    = {3-4},
  pages     = {277--294},
  year      = {1994},
  doi       = {10.1016/0168-1605(94)90157-0}
}


@article{moller2020hybrid,
  title     = {Hybrid models for predicting bacterial growth in food},
  author    = {Møller, J. K. and other authors},
  journal   = {Food Microbiology},
  volume    = {91},
  pages     = {103537},
  year      = {2020},
  doi       = {10.1016/j.fm.2020.103537}
}
